<record><leader>00000cas a22000007a 4500</leader><controlfield tag="001">22271563</controlfield><controlfield tag="008">900824d19611966nhuwn ne      0    0eng d</controlfield><datafield ind1=" " ind2=" " tag="010"><subfield code="a">sn 90062108 </subfield></datafield><datafield ind1=" " ind2=" " tag="040"><subfield code="a">NVH</subfield><subfield code="b">eng</subfield><subfield code="c">NVH</subfield><subfield code="d">OCLCQ</subfield></datafield><datafield ind1="0" ind2="0" tag="245"><subfield code="a">New Hampshire town crier.</subfield></datafield><datafield ind1=" " ind2=" " tag="260"><subfield code="a">Manchester, N.H. :</subfield><subfield code="b">Monadnock Ledger</subfield></datafield><datafield ind1=" " ind2=" " tag="300"><subfield code="a">v.</subfield></datafield><datafield ind1=" " ind2=" " tag="310"><subfield code="a">Weekly</subfield></datafield><datafield ind1="0" ind2=" " tag="362"><subfield code="a">Jan. 5, 1961; v. 1, no. 2 (Jan. 12, 1961)-v. 6, no. 12 (Apr. 7, 1966).</subfield></datafield><datafield ind1=" " ind2=" " tag="580"><subfield code="a">Issued with: Hillsborough messenger, Jan. 5-July 27, 1961; Messenger (Hillsborough, N.H.), Aug. 3, 1961-Nov. 15, 1962; Monadnock ledger (Jaffrey, N.H.), Jan. 5, 1961-Apr. 7, 1966; Derry star; Farmington news; Milford cabinet; Pittsfield Valley times.</subfield></datafield><datafield ind1=" " ind2=" " tag="752"><subfield code="a">United States</subfield><subfield code="b">New Hampshire</subfield><subfield code="c">Hillsborough</subfield><subfield code="d">Manchester.</subfield></datafield><datafield ind1="1" ind2=" " tag="777"><subfield code="t">Hillsborough messenger</subfield><subfield code="w">(DLC)sn 84023729</subfield></datafield><datafield ind1="1" ind2=" " tag="777"><subfield code="t">Messenger (Hillsborough, N.H.)</subfield><subfield code="w">(DLC)sn 90062319</subfield></datafield><datafield ind1="1" ind2=" " tag="777"><subfield code="t">Weekly Monadnock ledger</subfield><subfield code="w">(DLC)sn 90062098</subfield></datafield><datafield ind1="1" ind2=" " tag="777"><subfield code="t">Derry star</subfield></datafield><datafield ind1="1" ind2=" " tag="777"><subfield code="t">Farmington news</subfield></datafield><datafield ind1="1" ind2=" " tag="777"><subfield code="t">Milford cabinet</subfield><subfield code="w">(DLC)sn 90062309</subfield></datafield><datafield ind1="1" ind2=" " tag="777"><subfield code="t">Pittsfield Valley-times</subfield></datafield></record>